<record><leader>00000cas a22000007a 4500</leader><controlfield tag="001">34793573</controlfield><controlfield tag="008">960528u19uuuuuuvauer ne      0    0eng d</controlfield><datafield ind1=" " ind2=" " tag="010"><subfield code="a">sn 96094031 </subfield></datafield><datafield ind1=" " ind2=" " tag="040"><subfield code="a">NVK</subfield><subfield code="b">eng</subfield><subfield code="c">NVK</subfield><subfield code="d">OCLCQ</subfield><subfield code="d">OCLCO</subfield></datafield><datafield ind1="1" ind2=" " tag="029"><subfield code="a">AU@</subfield><subfield code="b">000025923339</subfield></datafield><datafield ind1=" " ind2=" " tag="042"><subfield code="a">msc</subfield></datafield><datafield ind1=" " ind2=" " tag="043"><subfield code="a">n-us-va</subfield></datafield><datafield ind1=" " ind2="4" tag="050"><subfield code="a">LD7501.W81</subfield><subfield code="b">A3</subfield></datafield><datafield ind1="0" ind2="4" tag="245"><subfield code="a">The Woodberry oracle.</subfield></datafield><datafield ind1=" " ind2=" " tag="260"><subfield code="a">Woodberry Forest, Va. :</subfield><subfield code="b">Students of Woodberry Forest School</subfield></datafield><datafield ind1=" " ind2=" " tag="300"><subfield code="a">v. ;</subfield><subfield code="c">45 cm.</subfield></datafield><datafield ind1=" " ind2=" " tag="310"><subfield code="a">Biweekly,</subfield><subfield code="b">&lt;May 1940&gt;-</subfield></datafield><datafield ind1=" " ind2=" " tag="321"><subfield code="a">Weekly</subfield></datafield><datafield ind1=" " ind2=" " tag="588"><subfield code="a">Description based on: Vol. 28, no. 11 (Feb. 7, 1930).</subfield></datafield><datafield ind1=" " ind2=" " tag="588"><subfield code="a">Latest issue consulted: Vol. 59, no. 13 (June 9, 1961).</subfield></datafield><datafield ind1="2" ind2="0" tag="610"><subfield code="a">Woodberry Forest School</subfield><subfield code="v">Newspapers.</subfield></datafield><datafield ind1=" " ind2="0" tag="651"><subfield code="a">Woodberry Forest (Va.)</subfield><subfield code="v">Newspapers.</subfield></datafield><datafield ind1="2" ind2=" " tag="710"><subfield code="a">Woodberry Forest School.</subfield></datafield><datafield ind1=" " ind2=" " tag="752"><subfield code="a">United States</subfield><subfield code="b">Virginia</subfield><subfield code="c">Orange</subfield><subfield code="d">Woodberry Forest.</subfield></datafield></record>